<record><leader>00000cas a2200000 a 4500</leader><controlfield tag="001">166254394</controlfield><controlfield tag="008">070822c20079999caumr ne      |    0eng c</controlfield><datafield ind1=" " ind2=" " tag="010"><subfield code="a">  2007222985</subfield></datafield><datafield ind1=" " ind2=" " tag="040"><subfield code="a">CLU</subfield><subfield code="b">eng</subfield><subfield code="c">CLU</subfield><subfield code="d">CLU</subfield><subfield code="d">CUI</subfield><subfield code="d">OCLCQ</subfield><subfield code="d">OCLCF</subfield></datafield><datafield ind1=" " ind2=" " tag="066"><subfield code="c">(3</subfield></datafield><datafield ind1="1" ind2=" " tag="029"><subfield code="a">AU@</subfield><subfield code="b">000042140979</subfield></datafield><datafield ind1=" " ind2=" " tag="042"><subfield code="a">pcc</subfield></datafield><datafield ind1=" " ind2=" " tag="043"><subfield code="a">n-us---</subfield><subfield code="a">ma-----</subfield></datafield><datafield ind1=" " ind2="4" tag="050"><subfield code="a">E184.A65</subfield><subfield code="b">I56</subfield></datafield><datafield ind1="0" ind2=" " tag="130"><subfield code="a">Independent monitor (Anaheim, Calif.)</subfield></datafield><datafield ind1="1" ind2="0" tag="245"><subfield code="a">Independent monitor.</subfield></datafield><datafield ind1="3" ind2="1" tag="246"><subfield code="6">880-01</subfield><subfield code="a">Mura&#772;qib al-mustaqill</subfield></datafield><datafield ind1=" " ind2=" " tag="260"><subfield code="a">Anaheim, CA :</subfield><subfield code="b">Perceptions Systems Pub.</subfield></datafield><datafield ind1=" " ind2=" " tag="310"><subfield code="a">Monthly</subfield></datafield><datafield ind1="1" ind2=" " tag="362"><subfield code="a">Began with Feb. 2007.</subfield></datafield><datafield ind1=" " ind2=" " tag="530"><subfield code="a">Also issued online.</subfield></datafield><datafield ind1=" " ind2=" " tag="588"><subfield code="a">Description based on July 2007; title from cover.</subfield></datafield><datafield ind1=" " ind2="0" tag="650"><subfield code="a">Arab Americans</subfield><subfield code="v">Newspapers.</subfield></datafield><datafield ind1=" " ind2="0" tag="651"><subfield code="a">Arab countries</subfield><subfield code="v">Newspapers.</subfield></datafield><datafield ind1=" " ind2="7" tag="655"><subfield code="a">Newspapers.</subfield><subfield code="2">fast</subfield><subfield code="0">(OCoLC)fst01423814</subfield></datafield><datafield ind1=" " ind2="7" tag="650"><subfield code="a">Arab Americans.</subfield><subfield code="2">fast</subfield><subfield code="0">(OCoLC)fst00812200</subfield></datafield><datafield ind1=" " ind2="7" tag="651"><subfield code="a">Arab countries.</subfield><subfield code="2">fast</subfield><subfield code="0">(OCoLC)fst01240128</subfield></datafield><datafield ind1=" " ind2=" " tag="752"><subfield code="a">United States</subfield><subfield code="b">California</subfield><subfield code="c">Orange</subfield><subfield code="d">Anaheim.</subfield></datafield><datafield ind1="4" ind2="1" tag="856"><subfield code="u">http://bibpurl.oclc.org/web/19778</subfield><subfield code="u">http://theindependentmonitor.com/</subfield></datafield><datafield ind1="3" ind2="1" tag="880"><subfield code="6">246-01/(3/r</subfield><subfield code="a">&#1605;&#1585;&#1575;&#1602;&#1576; &#1575;&#1604;&#1605;&#1587;&#1578;&#1602;&#1604;</subfield></datafield></record>